@article{Mos,
	author		= "Moschovakis, Yiannis N.",
	title			= "Scales on coinductive sets",
	journal		= "The {C}abal {S}eminar, volume {I}",
	year			= "1983",
}

@article{MS,
	author		= "Martin, Donald A. and Steel, John R.",
	title			= "The extent of scales in {L}({R})",
	journal		= "The {C}abal {S}eminar, volume {III}",
	year			= "1983",
}

@book{Kechris,
	author		= "Kechris, Alexander S",
	title			= "Classical Descriptive Set Theory",
	year			= "1995",
	publisher	= "Springer-Verlag New York",
}

@article{Steel,
	author		= "Steel, John R.",
	title			= "Scales in {L}({R})",
	journal		= "The {C}abal {S}eminar, volume {I}",
	year			= "1983",
}
