@article{Welch,
  author    = "Welch, Philip D.",
  title     = "Some Remarks on the Maximality of Inner Models",
	journal		= "Logical Colloquium '98",
  year      = "2000",
}

@article{KwoM,
	author		= "Jensen, Ronald and Steel, John",
	title			= "K without the measurable",
	journal		= "Journal of Symbolic Logic",
	volume		= "78",
	number		= "3",
	pages			= "708--734",
	year			= "2013",
}

@book{Shelah,
	author		= "Shelah, Saharon",
	title			= "Cardinal Arithmetic (Oxford Logic Guides)",
	publisher	= "Oxford University Press",
	year			= "1994",
}

@book{CMIP,
	author		= "Steel, John",
	title			= "The Core Model Iterability Problem",
	publisher	= "Springer Verlag",
	year			= "1996",
}

@mastersthesis{MSc,
	author		= "Nielsen, Dan",
	title			= "Inner Model Theory -- an introduction",
	school		= "University of Copenhagen",
	year			= "2016",
	note			= "Revised edition. \url{https://dsnielsen.com/papers-and-notes}",
}
