@incollection{KoellnerWoodin,
	author		= "Koellner, Peter and Woodin, W. Hugh",
	title			= "Large Cardinals from Determinacy",
	editor		= "Foreman, Matthew and Kanamori, Akihiro",
	booktitle	= "Handbook of Set Theory",
	publisher	= "Springer",
	year			= "2010",
	pages			= "1951--2119",
	chapter		= "23",
}
